<record><leader>00000cas a22000007a 4500</leader><controlfield tag="001">10575045</controlfield><controlfield tag="008">840329d19341934nyuwr ne      0    0eng d</controlfield><datafield ind1=" " ind2=" " tag="010"><subfield code="a">sn 84037004 </subfield></datafield><datafield ind1=" " ind2=" " tag="040"><subfield code="a">CRL</subfield><subfield code="b">eng</subfield><subfield code="c">CRL</subfield><subfield code="d">NPW</subfield><subfield code="d">CNK</subfield><subfield code="d">OCLCQ</subfield></datafield><datafield ind1=" " ind2=" " tag="042"><subfield code="a">msc</subfield></datafield><datafield ind1="0" ind2="0" tag="245"><subfield code="a">World echo.</subfield></datafield><datafield ind1="3" ind2="0" tag="246"><subfield code="a">World peace echo</subfield></datafield><datafield ind1=" " ind2=" " tag="260"><subfield code="a">New York City :</subfield><subfield code="b">World Echo Pub. Co.,</subfield><subfield code="c">1934.</subfield></datafield><datafield ind1=" " ind2=" " tag="300"><subfield code="a">v. :</subfield><subfield code="b">ill.</subfield></datafield><datafield ind1="0" ind2=" " tag="362"><subfield code="a">New ser. v. 1, no. 1 (Jan. 6, 1934)- = Old ser. v. 32, no. 12-</subfield></datafield><datafield ind1="1" ind2=" " tag="362"><subfield code="a">Ceased in 1934.</subfield></datafield><datafield ind1=" " ind2=" " tag="500"><subfield code="a">"Peace" superimposed over logo in title.</subfield></datafield><datafield ind1=" " ind2=" " tag="500"><subfield code="a">Content of paper changes from predominantly general news to predominantly views of Father Divine.</subfield></datafield><datafield ind1=" " ind2=" " tag="546"><subfield code="a">Issues often include a French, German, Italian, Russian or Spanish translation of Father Divine's remarks.</subfield></datafield><datafield ind1="2" ind2=" " tag="710"><subfield code="a">Father Divine.</subfield></datafield><datafield ind1=" " ind2=" " tag="752"><subfield code="a">United States</subfield><subfield code="b">New York</subfield><subfield code="c">New York</subfield><subfield code="d">New York.</subfield></datafield><datafield ind1="0" ind2="0" tag="780"><subfield code="t">Negro world (New York, N.Y.)</subfield><subfield code="w">(DLC)sn 84037003</subfield></datafield><datafield ind1="0" ind2="0" tag="785"><subfield code="t">Ethiopian world</subfield><subfield code="w">(DLC)sn 84037005</subfield><subfield code="g">May 26, 1934</subfield></datafield><datafield ind1="1" ind2=" " tag="029"><subfield code="a">AU@</subfield><subfield code="b">000025812448</subfield></datafield></record>